<record><leader>00000cas a22000007a 4500</leader><controlfield tag="001">17537368</controlfield><controlfield tag="008">880225d184518uuohumr ne      0   a0eng d</controlfield><datafield ind1=" " ind2=" " tag="010"><subfield code="a">sn 91069134 </subfield></datafield><datafield ind1=" " ind2=" " tag="040"><subfield code="a">OBE</subfield><subfield code="b">eng</subfield><subfield code="c">OBE</subfield><subfield code="d">ONP</subfield><subfield code="d">OCLCQ</subfield></datafield><datafield ind1=" " ind2=" " tag="042"><subfield code="a">msc</subfield></datafield><datafield ind1=" " ind2=" " tag="092"><subfield code="a">070.1</subfield><subfield code="b">P39</subfield></datafield><datafield ind1="0" ind2=" " tag="130"><subfield code="a">People's press (Oberlin, Ohio)</subfield></datafield><datafield ind1="1" ind2="0" tag="245"><subfield code="a">People's press.</subfield></datafield><datafield ind1=" " ind2=" " tag="260"><subfield code="a">Oberlin, Ohio :</subfield><subfield code="b">James M. Fitch</subfield></datafield><datafield ind1=" " ind2=" " tag="300"><subfield code="a">v.</subfield></datafield><datafield ind1=" " ind2=" " tag="310"><subfield code="a">Monthly</subfield></datafield><datafield ind1="1" ind2=" " tag="362"><subfield code="a">Began in Jan. 1845.</subfield></datafield><datafield ind1=" " ind2=" " tag="588"><subfield code="a">Description based on: Vol. 1, no. 10 (Oct. 1845).</subfield></datafield><datafield ind1="1" ind2=" " tag="700"><subfield code="a">Fitch, James M.</subfield></datafield><datafield ind1=" " ind2=" " tag="752"><subfield code="a">United States</subfield><subfield code="b">Ohio</subfield><subfield code="c">Lorain</subfield><subfield code="d">Oberlin.</subfield></datafield><datafield ind1="1" ind2=" " tag="029"><subfield code="a">AU@</subfield><subfield code="b">000025864749</subfield></datafield></record>